@article{Smith2018, 
  author = "Smith, Colton",
  title = "StockTwits Sentiment Analysis",
  url = "http://epchan.blogspot.com/2017/09/stocktwits-sentiment-analysis_7.html", 
  year = 2017}

@article{Nairu2018, 
  author = "Capital, Nairu", 
  title = "Using Google Trends to Predict Stocks", 
  url = "https://seekingalpha.com/article/4191521-using-google-trends-predict-stocks", 
  year = 2018}
  
@article{Stocktwits2015,
  author = "StockTwits", 
  title = "The Remarkable Relationship Between Sentiment and Your Favorite Stock's Earnings", 
  url = "https://blog.stocktwits.com/the-remarkable-relationship-between-sentiment-and-your-favorite-stocks-earnings-d3e31318f4ea", 
  year = 2015}
  
@book{Fan2015, 
  author = "Fan, Jianqing and Yao, Q.", 
  title = "The Elements of Financial Econometrics", 
  year = 2015, 
  publisher = "Science Press"}
  
@article{Quant,
  author = "Mackenzie, Delaney", 
  title = "Difference between specific and total returns", 
  year = 2018}
  
@article{Jeg,
  author = "Jegadeesh, Narasimhan and Titman, Sheridan", 
  title = "Profitability of momentum strategies: an evaluation of alternative explanations", 
  year = 2002, 
  publisher = "The Journal of Finance"}
  
  
@article{Hong, 
  author = "Hong, Harrison, Lim, Terence and Stein, Jeremy", 
  title = "Bad news travels slowly: size, analyst coverage and profitability of momentum strategies", 
  year = 2002, 
  publisher = "The Journal of Finance", 
  volume = 15, 
  issue = 1}