@article{antweiler2004,
  title={Is all that talk just noise? The information content of internet stock message boards},
  author={Antweiler, W. and Frank, M.},
  journal={The Journal of finance},
  volume={59},
  number={3},
  pages={1259--1294},
  year={2004},
  publisher={Wiley Online Library}
}

@article{st,
  title="StockTwits",
  year = "2018",
  howpublished = "\url{https://stocktwits.com/}"}
  
@article{agrawal2019,
  title={Practical Applications of Momentum, Mean-Reversion, and Social Media: Evidence from StockTwits and Twitter},
  author={Agrawal, S. and Azar, P. and Lo, A. and Singh, T.},
  journal={Practical Applications},
  volume={6},
  number={3},
  pages={1--4},
  year={2019},
  publisher={Institutional Investor Journals Umbrella}
}

@article{bagnoli1999,
  title={Whisper forecasts of quarterly earnings per share},
  author={Bagnoli, M. and Beneish, M. and Watts, S.},
  journal={Journal of Accounting and Economics},
  volume={28},
  number={1},
  pages={27--50},
  year={1999},
  publisher={Elsevier}
}

@article{cramer2018, 
  author = "Gurdus, E.",
  year = "2018",
  title = "Cramer: Volatility charts suggest now is the time to buy into stocks", 
  howpublished = "\url{https://www.cnbc.com/2018/11/27/cramer-volatility-charts-suggest-now-is-the-time-to-buy-into-stocks.html}",
  journal = "CNBC"
}

@misc{cutler1988,
  title={What moves stock prices?},
  author={Cutler, D. and Poterba, J. and Summers, L.},
  year={1988},
  publisher={National Bureau of Economic Research}
}

@article{das2007,
  title={Yahoo! for Amazon: Sentiment extraction from small talk on the web},
  author={Das, S. and Chen, M.},
  journal={Management science},
  volume={53},
  number={9},
  pages={1375--1388},
  year={2007},
  publisher={INFORMS}
}

@article{dewally2003,
  title={Internet investment advice: Investing with a rock of salt},
  author={Dewally, M.},
  journal={Financial Analysts Journal},
  volume={59},
  number={4},
  pages={65--77},
  year={2003},
  publisher={CFA Institute}
}

@article{fang2009,
  title={Media coverage and the cross-section of stock returns},
  author={Fang, L. and Peress, J.},
  journal={The Journal of Finance},
  volume={64},
  number={5},
  pages={2023--2052},
  year={2009},
  publisher={Wiley Online Library}
}

@article{q, 
  year = "2018",
  author = "Quantopian", 
  howpublished = "\url{https://www.quantopian.com/contest}"
}

@article{qSentiment, 
  year = "2016", 
  author = "Laner, C.", 
  howpublished = "\url{https://www.quantopian.com/posts/sentiment-analysis-with-psychsignal-part-1-visualising-the-data}"
}

@article{tetlock2007,
  title={Giving content to investor sentiment: The role of media in the stock market},
  author={Tetlock, P.},
  journal={The Journal of finance},
  volume={62},
  number={3},
  pages={1139--1168},
  year={2007},
  publisher={Wiley Online Library}
}

@article{leinweber2011,
  title={Event driven trading and the'new news'},
  author={Leinweber, D. and Sisk, J.},
  year={2011}
}

@article{mitra2008,
  title={Equity portfolio risk (volatility) estimation using market information and sentiment},
  author={Mitra, L., and Mitra, G., and Bartolomeo, D.},
  year={2008},
  journal={Quantitative Finance}
}

@article{synh, 
  title="Syneos health reaches a new high",
  author = "Edward, A.",
  year = "2018", 
  howpublished = "\url{https://finreviewer.com/2018/12/11/syneos-health-inc-synh-reaches-47-64-formed-h-albireo-pharma-albo-shorts-lowered-by-9-88/}"
}

@article{sage1, 
  title="Sage CEO hopes experimental depression drug will be as big as Prozac",
  author = "Aiello, C.",
  year = "2017", 
  howpublished = "\url{https://www.cnbc.com/2017/12/08/sage-ceo-hopes-experimental-depression-drug-as-big-as-prozac-104888278.html}"
}

@article{sage2, 
  title="Sage Therapeutics shares soar after postpartum depression drug meets main goal",
  author = "Lovelace, B.",
  year = "2017", 
  howpublished = "\url{https://www.cnbc.com/2017/11/09/sage-therapeutics-shares-soar-after-postpartum-drug-meets-main-goal.html}"
}

@article{tumarkin2001,
  title={News or noise? Internet postings and stock prices},
  author={Tumarkin, R. and Whitelaw, R.},
  journal={Financial Analysts Journal},
  volume={57},
  number={3},
  pages={41--51},
  year={2001},
  publisher={CFA Institute}
}

@article{wysocki1998,
  title={Cheap talk on the web: The determinants of postings on stock message boards},
  author={Wysocki, P.},
  year={1998}
}

@book{Fan2015, 
  author = "Fan, J. and Yao, Q.", 
  title = "The Elements of Financial Econometrics", 
  year = "2015", 
  publisher = "Science Press"}
  